<record xmlns="http://www.loc.gov/MARC21/slim" xmlns:xsi="http://www.w3.org/2001/XMLSchema-instance" xsi:schemaLocation="http://www.loc.gov/MARC21/slim http://www.loc.gov/standards/marcxml/schema/MARC21slim.xsd"><leader>     nam a22        4500</leader><controlfield tag="001">002773040</controlfield><controlfield tag="003">NNU</controlfield><controlfield tag="006">m        d        </controlfield><controlfield tag="007">cr cn |||m|||a</controlfield><controlfield tag="008">150313s1883    ae      o     000 0 arar </controlfield><datafield ind1=" " ind2=" " tag="040"><subfield code="a">NNU</subfield><subfield code="b">eng</subfield><subfield code="c">NNU</subfield></datafield><datafield ind1="0" ind2=" " tag="050"><subfield code="a">PN6519.A7</subfield><subfield code="b">M75 1883</subfield></datafield><datafield ind1=" " ind2=" " tag="090"><subfield code="a">PN6519.A7</subfield><subfield code="b">M75 1883</subfield></datafield><datafield ind1="0" ind2=" " tag="100"><subfield code="a">Mufa&#7693;&#7693;al ibn Mu&#7717;ammad al-&#7692;abb&#299;,</subfield><subfield code="d">8th cent.</subfield></datafield><datafield ind1="1" ind2="0" tag="245"><subfield code="a">Amth&#257;l al-&#699;Arab</subfield><subfield code="h">[electronic resource] /</subfield><subfield code="c">lil-Mufa&#7693;&#7693;al al-&#7692;abb&#299;. Wa-yal&#299;h&#257; Asr&#257;r al-&#7717;ukam&#257;&#700; min qab&#299;l al-na&#7779;&#299;&#7717;ah wa-al-ta&#7779;awwuf li-Y&#257;q&#363;t al-Musta&#699;&#7779;im&#299; bi-kha&#7789;&#7789;ih.</subfield></datafield><datafield ind1=" " ind2=" " tag="250"><subfield code="a">al-&#7788;ab&#699;ah 1.</subfield></datafield><datafield ind1=" " ind2=" " tag="260"><subfield code="a">Qis&#7789;an&#7789;&#299;n&#299;yah,</subfield><subfield code="b">Ma&#7789;ba&#699;at al-Jaw&#257;&#700;ib,</subfield><subfield code="c">1300 [1883]</subfield></datafield><datafield ind1=" " ind2=" " tag="300"><subfield code="a">online resource (165 p.)</subfield></datafield><datafield ind1=" " ind2=" " tag="500"><subfield code="a">Bound with: al-&#7788;ughr&#257;&#700;&#299;, al-&#7716;usayn ibn &#699;Al&#299;. D&#299;w&#257;n. Qis&#7789;an&#7789;&#299;n&#299;yah, 1300 [1882 or 3]</subfield></datafield><datafield ind1=" " ind2=" " tag="500"><subfield code="a">Part of the Arabic Collections Online (ACO) project, contributed by New York Univeristy Libraries.</subfield></datafield><datafield ind1=" " ind2=" " tag="533"><subfield code="a">Electronic reproduction.</subfield><subfield code="b">New York, N.Y. :</subfield><subfield code="c">New York University,</subfield><subfield code="d">2015.</subfield><subfield code="5">NNU</subfield></datafield><datafield ind1=" " ind2="0" tag="650"><subfield code="a">Proverbs, Arabic.</subfield></datafield><datafield ind1="0" ind2=" " tag="700"><subfield code="a">Y&#257;q&#363;t al-Musta&#699;sim&#299;,</subfield><subfield code="d">fl. 1298.</subfield><subfield code="t">Asr&#257;r al-&#7717;ukam&#257;&#700;.</subfield></datafield><datafield ind1="2" ind2=" " tag="710"><subfield code="a">New York University.</subfield><subfield code="b">Libraries.</subfield></datafield><datafield ind1="0" ind2=" " tag="730"><subfield code="a">Arabic Collections Online.</subfield></datafield><datafield ind1="0" ind2="8" tag="776"><subfield code="i">Print version:</subfield><subfield code="a">Mufa&#7693;&#7693;al ibn Mu&#7717;ammad al-&#7692;abb&#299;, 8th cent.</subfield><subfield code="t">Amth&#257;l al-&#699;Arab</subfield><subfield code="w">(NNU)002773040</subfield><subfield code="w">(DLC)75214152</subfield></datafield><datafield ind1="4" ind2="0" tag="856"><subfield code="u">http://hdl.handle.net/2333.1/vdncjwd6</subfield></datafield><datafield ind1=" " ind2=" " tag="959"><subfield code="a">NNU</subfield><subfield code="b">WEB</subfield><subfield code="c">GENI</subfield><subfield code="t">0</subfield><subfield code="m">Electronic access</subfield><subfield code="s">01</subfield></datafield><datafield ind1=" " ind2=" " tag="999"><subfield code="i">NNU_002773040</subfield><subfield code="s">nyu_aco000607</subfield><subfield code="e">(ERROR-880)</subfield></datafield></record>